%YAML 1.1
%TAG !u! tag:unity3d.com,2011:
--- !u!1 &169642
GameObject:
  m_ObjectHideFlags: 0
  m_PrefabParentObject: {fileID: 0}
  m_PrefabInternal: {fileID: 100100000}
  serializedVersion: 4
  m_Component:
  - 4: {fileID: 433640}
  - 114: {fileID: 11417448}
  - 114: {fileID: 11439362}
  m_Layer: 0
  m_Name: GameObject
  m_TagString: Untagged
  m_Icon: {fileID: 0}
  m_NavMeshLayer: 0
  m_StaticEditorFlags: 0
  m_IsActive: 1
--- !u!4 &433640
Transform:
  m_ObjectHideFlags: 1
  m_PrefabParentObject: {fileID: 0}
  m_PrefabInternal: {fileID: 100100000}
  m_GameObject: {fileID: 169642}
  m_LocalRotation: {x: 0, y: 0, z: 0, w: 1}
  m_LocalPosition: {x: 4.5, y: 4.5, z: 0}
  m_LocalScale: {x: 1, y: 1, z: 1}
  m_Children: []
  m_Father: {fileID: 0}
  m_RootOrder: 0
--- !u!114 &11417448
MonoBehaviour:
  m_ObjectHideFlags: 1
  m_PrefabParentObject: {fileID: 0}
  m_PrefabInternal: {fileID: 100100000}
  m_GameObject: {fileID: 169642}
  m_Enabled: 1
  m_EditorHideFlags: 0
  m_Script: {fileID: 11500000, guid: db199ea50246bdd4e80b63df703b9442, type: 3}
  m_Name: 
  m_EditorClassIdentifier: 
  isPlayerTurn: 1
  areEnemiesMoving: 0
  playerCurrentHealth: 75
  LevelImage: {fileID: 0}
  secondsUntillevelStart: 2000
  highScore: 0
  diffnormal: {fileID: 0}
  diffeasy: {fileID: 0}
  diffhard: {fileID: 0}
--- !u!114 &11439362
MonoBehaviour:
  m_ObjectHideFlags: 1
  m_PrefabParentObject: {fileID: 0}
  m_PrefabInternal: {fileID: 100100000}
  m_GameObject: {fileID: 169642}
  m_Enabled: 1
  m_EditorHideFlags: 0
  m_Script: {fileID: 11500000, guid: ca5d6d1ffc626734fb5d7051f44d4c32, type: 3}
  m_Name: 
  m_EditorClassIdentifier: 
  colums: 10
  rows: 10
  floors:
  - {fileID: 195754, guid: 8b91024e531348641b370e53bb9ad711, type: 2}
  - {fileID: 162340, guid: bae4f60cc8a7bed46ab7cb1f3c88355c, type: 2}
  - {fileID: 166902, guid: f8406e140f385574b9bf72384e149de7, type: 2}
  - {fileID: 134668, guid: 0f66f968aa3a45a4a9484228a7e0e023, type: 2}
  - {fileID: 144722, guid: 381fb26b5675dcb45867f33080338339, type: 2}
  - {fileID: 178210, guid: 7d16d774167b12c40b304fb854e1c2f0, type: 2}
  - {fileID: 112322, guid: 894338ed887a07341b40bcc7edf27019, type: 2}
  - {fileID: 122704, guid: 8d3218d78dd956f48907b18547c56e30, type: 2}
  outerWalls:
  - {fileID: 146468, guid: 6453b3c29e4e35b4594bed43d4e7b048, type: 2}
  - {fileID: 101136, guid: 5e36ec9e5a4f80845bbc0bfb5dec1f3f, type: 2}
  - {fileID: 152078, guid: f1a9d89fb0fef9d4fa55541b1489d2ee, type: 2}
  wallobstacles:
  - {fileID: 156496, guid: 5c0c162a698813445afac9ac05a3d259, type: 2}
  - {fileID: 179300, guid: b039b1ae93400a54ea5c080f8111f06f, type: 2}
  - {fileID: 187744, guid: 0dd241394dcd0394ea89868d2c1ec585, type: 2}
  - {fileID: 136776, guid: 4e7471c569028c8468e299b4ddddd144, type: 2}
  - {fileID: 128580, guid: f9b413b6567e26844934e973f3f2fc2e, type: 2}
  - {fileID: 121068, guid: 854988d2df2b3e34898deefd91ef3f4e, type: 2}
  - {fileID: 176566, guid: a8b66b611148f3c4b87ab7222d451179, type: 2}
  foodItems:
  - {fileID: 101434, guid: 14c7be5b1e3edef449e2ad103ef8d153, type: 2}
  - {fileID: 199068, guid: 3e60603446656ae41acc2a17e5b15a36, type: 2}
  - {fileID: 112884, guid: bd43bdd8718c11f47bbc2969d76468b2, type: 2}
  - {fileID: 115564, guid: ed78855fe5621324ebb100345b38a5ec, type: 2}
  enemies:
  - {fileID: 103692, guid: 7c15751a4d3642e49bc842fdb01d454e, type: 2}
  - {fileID: 147106, guid: ed548380ba7326b4c80b9d58c359bd4f, type: 2}
  - {fileID: 175476, guid: 8870564725b323e4ba2caa2d366e90fe, type: 2}
  - {fileID: 114258, guid: 38be0dd4ea69ac1488448860300415e2, type: 2}
  players:
  - {fileID: 187304, guid: e9bee18d8aec63144a109632b5897565, type: 2}
  - {fileID: 191086, guid: 9ea48681914e69c49883e5326b390168, type: 2}
  music:
  - {fileID: 112318, guid: 57da9f41d61ea124c86bd67dce12d80d, type: 2}
  - {fileID: 129996, guid: f96854ecbc4baa146bff672514c835ae, type: 2}
  - {fileID: 133798, guid: 675d20cbdde1f9441bc4a734f7365d4a, type: 2}
  exit: {fileID: 159346, guid: 1d0a786d74ff3364aaddc6d8c2a02fed, type: 2}
  difficulty: 0
--- !u!1001 &100100000
Prefab:
  m_ObjectHideFlags: 1
  serializedVersion: 2
  m_Modification:
    m_TransformParent: {fileID: 0}
    m_Modifications:
    - target: {fileID: 0}
      propertyPath: music.Array.size
      value: 3
      objectReference: {fileID: 0}
    m_RemovedComponents: []
  m_ParentPrefab: {fileID: 0}
  m_RootGameObject: {fileID: 169642}
  m_IsPrefabParent: 1
